@article{jun,
    author={Jun, James J.
    and Steinmetz, Nicholas A.
    and Siegle, Joshua H.
    and Denman, Daniel J.
    and Bauza, Marius
    and Barbarits, Brian
    and Lee, Albert K.
    and Anastassiou, Costas A.
    and Andrei, Alexandru
    and Ayd{\i}n, {\c{C}}a{\u{g}}atay
    and Barbic, Mladen
    and Blanche, Timothy J.
    and Bonin, Vincent
    and Couto, Jo{\~a}o
    and Dutta, Barundeb
    and Gratiy, Sergey L.
    and Gutnisky, Diego A.
    and H{\"a}usser, Michael
    and Karsh, Bill
    and Ledochowitsch, Peter
    and Lopez, Carolina Mora
    and Mitelut, Catalin
    and Musa, Silke
    and Okun, Michael
    and Pachitariu, Marius
    and Putzeys, Jan
    and Rich, P. Dylan
    and Rossant, Cyrille
    and Sun, Wei-lung
    and Svoboda, Karel
    and Carandini, Matteo
    and Harris, Kenneth D.
    and Koch, Christof
    and O'Keefe, John
    and Harris, Timothy D.},
    title={Fully integrated silicon probes for high-density recording of neural activity},
    journal={Nature},
    year={2017},
    month={Nov},
    day={01},
    volume={551},
    number={7679},
    pages={232-236},
    abstract={New silicon probes known as Neuropixels are shown to record from hundreds of neurons simultaneously in awake and freely moving rodents.},
    issn={1476-4687},
    doi={10.1038/nature24636},
    url={https://doi.org/10.1038/nature24636}
}
