@article{okun,
    author={Okun, Michael
    and Steinmetz, Nicholas A.
    and Cossell, Lee
    and Iacaruso, M. Florencia
    and Ko, Ho
    and Barth{\'o}, P{\'e}ter
    and Moore, Tirin
    and Hofer, Sonja B.
    and Mrsic-Flogel, Thomas D.
    and Carandini, Matteo
    and Harris, Kenneth D.},
    title={Diverse coupling of neurons to populations in sensory cortex},
    journal={Nature},
    year={2015},
    month={May},
    day={01},
    volume={521},
    number={7553},
    pages={511-515},
    abstract={Exploring the relationship between population coupling and neuronal activity reveals that neighbouring neurons can differ in their coupling to the overall firing rate of the population, the circuitry of which may potentially help to explain the complex activity patterns in cortical populations.},
    issn={1476-4687},
    doi={10.1038/nature14273},
    url={https://doi.org/10.1038/nature14273}
}
