@article{faas,
    author={Faas, Guido C.
    and Raghavachari, Sridhar
    and Lisman, John E.
    and Mody, Istvan},
    title={Calmodulin as a direct detector of Ca2+ signals},
    journal={Nature Neuroscience},
    year={2011},
    month={Mar},
    day={01},
    volume={14},
    number={3},
    pages={301-304},
    abstract={The authors report that the rate at which calmodulin binds calcium is faster than that of other calcium binding proteins, and that calmodulin directly intercepts incoming calcium and sets [Ca2+]free rather than responding to the lower [Ca2+]free set by other buffers.},
    issn={1546-1726},
    doi={10.1038/nn.2746},
    url={https://doi.org/10.1038/nn.2746}
}
