@article{cohen2,
    author={Cohen, Marlene R.
    and Kohn, Adam},
    title={Measuring and interpreting neuronal correlations},
    journal={Nature Neuroscience},
    year={2011},
    month={Jul},
    day={01},
    volume={14},
    number={7},
    pages={811-819},
    abstract={Recent work suggests that the correlations between neurons are important for encoding information, but there has been significant discrepancy among studies. The authors review this rapidly growing body of literature, examine the potential sources of the discrepancies and offer guidelines for how to interpret data about neuronal correlations.},
    issn={1546-1726},
    doi={10.1038/nn.2842},
    url={https://doi.org/10.1038/nn.2842}
}
