@article{vinh,
    author = {Vinh, Nguyen Xuan and Epps, Julien and Bailey, James},
    title = {Information Theoretic Measures for Clusterings Comparison: Variants, Properties, Normalization and Correction for Chance},
    year = {2010},
    issue_date = {3/1/2010},
    publisher = {JMLR.org},
    volume = {11},
    issn = {1532-4435},
    journal = {J. Mach. Learn. Res.},
    month = dec,
    pages = {2837â€“2854},
    numpages = {18}
}
