@inproceedings{inproceedings,
author = {Friedrich, Johannes and Paninski, Liam},
year = {2016},
month = {12},
pages = {},
title = {Fast Active Set Methods for Online Spike Inference from Calcium Imaging}
}