@article{daly,
    author = {Daly, Fraser and Gaunt, Robert},
    year = {2016},
    month = {07},
    pages = {},
    title = {The Conway-Maxwell-Poisson distribution: Distributional theory and approximation},
    volume = {13},
    journal = {Latin American journal of probability and mathematical statistics},
    doi = {10.30757/ALEA.v13-25}
}
