@unknown{unknown,
author = {Bezanson, Jeff and Karpinski, Stefan and Shah, Viral and Edelman, Alan},
year = {2012},
month = {09},
pages = {},
title = {Julia: A Fast Dynamic Language for Technical Computing},
journal = {MIT}
}