@article{fosdick,
    author = {Fosdick, Bailey and Larremore, Daniel and Nishimura, Joel and Ugander, Johan},
    year = {2016},
    month = {08},
    pages = {},
    title = {Configuring Random Graph Models with Fixed Degree Sequences},
    volume = {60},
    journal = {SIAM Review},
    doi = {10.1137/16M1087175}
}
