@article{kadane_2006,
    author = {Kadane, Joseph and Shmueli, Galit and Minka, Thomas and Borle, Sharad and Boatwright, Peter},
    year = {2006},
    month = {06},
    pages = {},
    title = {Conjugate Analysis of the Conway-Maxwell-Poisson Distribution},
    volume = {1},
    journal = {Bayesian Analysis},
    doi = {10.1214/06-BA113}
}
