@article{flach,
    author = {Flach, Boris},
    year = {2013},
    month = {09},
    pages = {2304-6},
    title = {A Class of Random Fields on Complete Graphs with Tractable Partition Function},
    volume = {35},
    journal = {IEEE transactions on pattern analysis and machine intelligence},
    doi = {10.1109/TPAMI.2013.99}
}
