@article{greenberg,
    author = {Greenberg, David and Wallace, Damian and Voit, Kay-Michael and Wuertenberger, Silvia and Czubayko, Uwe and Monsees, Arne and Handa, Takashi and Vogelstein, Joshua and Seifert, Reinhard and Groemping, Yvonne and Kerr, Jason},
    year = {2018},
    month = {11},
    pages = {},
    title = {Accurate action potential inference from a calcium sensor protein through biophysical modeling:},
    doi = {10.1101/479055}
}
