@article{article,
author = {Pnevmatikakis, Eftychios and Gao, Yuanjun and Soudry, Daniel and Pfau, David and Lacefield, Clay and Poskanzer, Kira and Bruno, Randy and Yuste, Rafael and Paninski, Liam},
year = {2014},
month = {09},
pages = {},
title = {A structured matrix factorization framework for large scale calcium imaging data analysis}
}