@article{article,
author = {Pnevmatikakis, Eftychios and Merel, Josh and Pakman, Ari and Paninski, Liam},
year = {2013},
month = {11},
pages = {},
title = {Bayesian spike inference from calcium imaging data},
journal = {Conference Record - Asilomar Conference on Signals, Systems and Computers},
doi = {10.1109/ACSSC.2013.6810293}
}