@article{litwinkumar,
    author = {Litwin-Kumar, Ashok and Chacron, Maurice and Doiron, Brent},
    year = {2012},
    month = {09},
    pages = {e1002667},
    title = {The Spatial Structure of Stimuli Shapes the Timescale of Correlations in Population Spiking Activity},
    volume = {8},
    journal = {PLoS computational biology},
    doi = {10.1371/journal.pcbi.1002667}
}
