@article{kolaczyk,
    author = {Kolaczyk, Eric and Huang, Haiying},
    year = {2010},
    month = {09},
    pages = {95 - 118},
    title = {Multiscale Statistical Models for Hierarchical Spatial Aggregation},
    volume = {33},
    journal = {Geographical Analysis},
    doi = {10.1111/j.1538-4632.2001.tb00439.x}
}
