@article{lee,
    author = {Lee, Suk-HO and Rosenmund, Christian and Schwaller, Beat and Neher, Erwin},
    year = {2000},
    month = {07},
    pages = {},
    title = {Differences in Ca2+ buffering properties between excitatory and inhibitory hippocampal neurons from the rat},
    volume = {525},
    journal = {The Journal of Physiology},
    doi = {10.1111/j.1469-7793.2000.t01-3-00405.x}
}
