@article{humphries,
    author = {Humphries, Mark and Caballero, Javier and Evans, Mat and Maggi, Silvia and Singh, Abhinav},
    year = {2019},
    month = {01},
    pages = {},
    title = {Spectral rejection for testing hypotheses of structure in networks}
}
