@article{dana,
    author = {Dana, Hod and Chen, Tsai-Wen and Hu, Amy and Shields, Brenda and Guo, Caiying and Looger, Loren and Kim, Douglas and Svoboda, Karel},
    year = {2014},
    month = {09},
    pages = {e108697},
    title = {Thy1-GCaMP6 Transgenic Mice for Neuronal Population Imaging In Vivo},
    volume = {9},
    journal = {PloS one},
    doi = {10.1371/journal.pone.0108697}
}
