@article{maugis,
    author = {Maugis, Pa},
    year = {2014},
    month = {01},
    pages = {},
    title = {Event Conditional Correlation: Or How Non-Linear Linear Dependence Can Be}
}
