@article{kaiser,
    author = {Kaiser, Katharina and Zilberter, Yuri and Sakmann, Bert},
    year = {2001},
    month = {08},
    pages = {17-31},
    title = {Back-propagating action potentials mediate calcium signalling in dendrites of bitufted interneurons in layer 2/3 of rat somatosensory cortex},
    volume = {535},
    journal = {The Journal of physiology},
    doi = {10.1111/j.1469-7793.2001.t01-1-00017.x}
}
