@incollection{NIPS2016_6505,
title = {Fast Active Set Methods for Online Spike Inference from Calcium Imaging},
author = {Friedrich, Johannes and Paninski, Liam},
booktitle = {Advances in Neural Information Processing Systems 29},
editor = {D. D. Lee and M. Sugiyama and U. V. Luxburg and I. Guyon and R. Garnett},
pages = {1984--1992},
year = {2016},
publisher = {Curran Associates, Inc.},
url = {http://papers.nips.cc/paper/6505-fast-active-set-methods-for-online-spike-inference-from-calcium-imaging.pdf}
}
