@article{ouzounov,
    author={Ouzounov, Dimitre G.
    and Wang, Tianyu
    and Wang, Mengran
    and Feng, Danielle D.
    and Horton, Nicholas G.
    and Cruz-Hern{\'a}ndez, Jean C.
    and Cheng, Yu-Ting
    and Reimer, Jacob
    and Tolias, Andreas S.
    and Nishimura, Nozomi
    and Xu, Chris},
    title={In vivo three-photon imaging of activity of GCaMP6-labeled neurons deep in intact mouse brain},
    journal={Nature methods},
    year={2017},
    month={Apr},
    edition={2017/02/20},
    volume={14},
    number={4},
    pages={388-390},
    keywords={Animals; Brain/*cytology/physiology; Calmodulin/analysis/metabolism; Green Fluorescent Proteins/analysis/genetics/metabolism; Hippocampus/cytology/physiology; Male; Mice, Inbred C57BL; Mice, Transgenic; Microscopy, Fluorescence, Multiphoton/*methods; Neurons/*physiology; Recombinant Fusion Proteins/analysis/metabolism; Recombinant Proteins/analysis/genetics/metabolism},
    abstract={High-resolution optical imaging is critical to understanding brain function. We demonstrate that three-photon microscopy at 1,300-nm excitation enables functional imaging of GCaMP6s-labeled neurons beyond the depth limit of two-photon microscopy. We record spontaneous activity from up to 150 neurons in the hippocampal stratum pyramidale at âˆ¼1-mm depth within an intact mouse brain. Our method creates opportunities for noninvasive recording of neuronal activity with high spatial and temporal resolution deep within scattering brain tissues.},
    note={28218900[pmid]},
    note={PMC6441362[pmcid]},
    note={nmeth.4183[PII]},
    issn={1548-7105},
    doi={10.1038/nmeth.4183},
    url={https://pubmed.ncbi.nlm.nih.gov/28218900},
    url={https://doi.org/10.1038/nmeth.4183},
    language={eng}
}
